<?xml version="1.0" encoding="UTF-8"?><collection xmlns="http://www.loc.gov/MARC21/slim"><record><leader>00441nam--2200145-i-4500</leader><controlfield tag="001">000026309</controlfield><controlfield tag="002">20161230</controlfield><controlfield tag="005">20161230201036</controlfield><controlfield tag="008">060222s1000------------r-----000-0-eng-d</controlfield><datafield ind1=" " ind2=" " tag="080"><subfield code="a">517.587</subfield></datafield><datafield ind1=" " ind2=" " tag="100"><subfield code="a">Karpovsky, M.G</subfield></datafield><datafield ind1=" " ind2=" " tag="245"><subfield code="a">Finite orthogonal series in the design of digital devices. (analysis, synthesis and optimization)</subfield></datafield><datafield ind1=" " ind2=" " tag="260"><subfield code="a">New York, John Wiley &amp; Sons, 1976, 251p</subfield></datafield><datafield ind1=" " ind2=" " tag="852"><subfield code="a">45150</subfield><subfield code="c">517.5</subfield></datafield><datafield ind1=" " ind2=" " tag="CAT"><subfield code="a">Sys</subfield><subfield code="c">20080806</subfield><subfield code="h">131917</subfield></datafield></record></collection>